

%MARCO TEORICO

@misc{EST1,
	Title = {Estadística},
	howpublished = "\url{http://orientatest.orgfree.com/ESTADISTICA.htm}, consultado el 12 de agosto de 2014"
}

@misc{EST2,
	Title = {Significado de {A}d-{H}oc},
	howpublished = "\url{http://www.significados.info/ad-hoc/}, consultado el 12 de agosto de 2014"
}

@misc{MVC1,
	  author  = {Nicolás Tedeschi},
	  title   = {¿{Q}ué es un {P}atrón de {D}iseño},
	  howpublished = "\url{http://msdn.microsoft.com/es-es/library/bb972240.aspx}, consultado el 12 de agosto de 2014"
}

@book{MVC2,
	  author  = {Jon Galloway and Phil Haack and Brad Wilson and K. Scott Allen},
	  title   = {Professional {ASP.NET MVC} 3},
	  year = {2011},
		publisher = {Apress}
}

@misc{SPA,
	  title   = {Single Page Application ({SPA}) una tendencia creciente},
  	  year = {2014},
	  howpublished = "\url{http://tecnimedios.com/blog/programacion/jquery/single-page-application-spa-una-tendencia-creciente/}, consultado el 12 de agosto de 2014"
}

@book{REST,
    author = {Leonard Richardson},
    title = {RESTFul Web Services for the Real World},
    year = {2007},
    isbn = {978-0-596-52926-0},
    publisher = {O’Reilly Media, Inc},
    edition = {1}
}

@misc{JSON,
	Title = {Introducing {JSON}},
	howpublished = "\url{http://www.json.org/}, consultado el 12 de agosto de 2014"
}

@article{SAS0,
	  author  = {Gianpaolo Carraro and Fred Chong},
	  title   = {Software as a {S}ervice ({S}aa{S}): {A}n {E}nterprice {P}erspective},
  	year = {2006},
	  howpublished = "\url{http://msdn.microsoft.com/en-us/library/aa905332.aspx#enterprisertw_ topic1}, consultado el 12 de agosto de 2014"
}

@book{W2A,
    author = {James Governor and Dion Hinchcliffe and Duane Nickull},
    title = {Web 2.0 {A}rchitectures},
    year = {2009},
    isbn = {978-0-596-51443-3},
    publisher = {O’Reilly Media, Inc},
    edition = {1},
}

@article{W2A2,
	  author  = {Tim O'Reilly},
	  title   = {What is {W}eb 2.0 {D}esign {P}atterns and {B}usiness {M}odels for the {N}ext {G}eneration of {S}oftware},
  	  year = {2005},
	  howpublished = "\url{http://oreilly.com/web2/archive/what-is-web-20.html}, consultado el 12 de agosto de 2014"
}

%MARCO TECNOLOGICO

@misc{HTML,
	Title = {What is {HTML}?},
	year = {2013},
	howpublished = "\url{http://www.w3.org/MarkUp/}, consultado el 12 de agosto de 2014"
}

@misc{CSS,
	Title = {Cascading {S}tyle {S}heets ({CSS}) {S}napshot 2010},
	year = {2011},
	howpublished = "\url{http://www.w3.org/TR/CSS/}, consultado el 12 de agosto de 2014"
}

@misc{JS0,
	Title = {Java{S}cript},
	year = {2014},
	howpublished = "\url{https://developer.mozilla.org/es/docs/Web/JavaScript}, consultado el 12 de agosto de 2014"
}

@misc{NODE,
	Title = {Node},
	howpublished = "\url{http://nodejs.org/}, consultado el 27 de julio de 2015"
}

@misc{GRUNT,
	Title = {Grunt},
	howpublished = "\url{http://gruntjs.com/}, consultado el 27 de julio de 2015"
}

@misc{PHGAP,
	Title = {Phonegap},
	howpublished = "\url{http://phonegap.com/about/faq/}, consultado el 27 de julio de 2015"
}

@misc{CORDOVA,
	Title = {Cordova},
	howpublished = "\url{https://cordova.apache.org/#about}, consultado el 27 de julio de 2015"
}

@misc{ANGULAR,
	Title = {AngularJS},
	howpublished = "\url{https://angularjs.org/}, consultado el 27 de julio de 2015"
}

@misc{IONIC,
	Title = {Ionic framework},
	howpublished = "\url{http://ionicframework.com/docs/overview/}, consultado el 27 de julio de 2015"
}

@misc{AJS,
	Title = {Empezando con {A}ngular{JS}},
	year = {2014},
	howpublished = "\url{http://carlosazaustre.es/blog/empezando-con-angular-js/}, consultado el 12 de agosto de 2014"
}

@misc{D3JS,
	Title = {D3 {D}ata-{D}riven {D}ocuments},
	year = {2013},
	howpublished = "\url{http://d3js.org/}, consultado el 12 de agosto de 2014"
}

@misc{JQU,
	Title = {What is j{Q}uery?},
	howpublished = "\url{http://jquery.com/}, consultado el 12 de agosto de 2014"
}

@misc{BTS,
	Title = {Bootstrap: Getting started},
	howpublished = "\url{http://getbootstrap.com/getting-started/}, consultado el 12 de agosto de 2014"
}

@misc{COUNTLY,
	Title = {Countly {S}erver {API} R{}eference},
	year={2013},
	howpublished = "\url{https://count.ly/resources/reference/server-api}, consultado el 20 de octubre de 2014"
}

%MARIELBY
%EMPRESA

@misc{ESGB0,
	author  = {Synergy-GB},
	Title = {Synergy-{GB}},
	year = {2013},
	howpublished = "\url{http://synergy-gb.com}, consultado el 21 de julio de 2015",
}

@misc{ESGB1,
	author  = {Synergy-GB},
	Title = {Organigrama de {S}ynergy-{GB}},
	year = {2015},
	howpublished = "consultado el 21 de julio de 2015"
}

@misc{ESGB2,
	author  = {Synergy-GB},
	Title = {Áreas de la empresa},
	year = {2014},
	howpublished = "consultado el 21 de julio de 2015"
} 

% MARCO TEORICO
@article{MTPUSH,
	  author  = {Matt Baumber},
	  title   = {What are push notifications?},
  	year = {2014},
	  howpublished = "\url{http://www.mobiledonky.com/blog/what-are-push-notifications}, consultado el 27 de julio de 2015"
}

@book{MTREST,
    author = {Leonard Richardson},
    title = {RESTFul Web Services for the Real World},
    year = {2007},
    isbn = {978-0-596-52926-0},
    publisher = {O’Reilly Media, Inc},
    edition = {1},
}

@book{MTSOA,
    author = {Poornachandra Sarang},
    title = {SOA Approach to Integration: XML, Web services, ESB, and BPEL in real-world SOA projects},
    year = {2007},
    publisher = {Birmingham, U.K. : Packt Pub.},
}

@misc{MTID,
	author  = {Martin Fowler},
	Title = {Inversion of Control Containers and the Dependency Injection pattern},
	year = {2004},
	howpublished = "\url{http://martinfowler.com/articles/injection.html}, consultado el 15 de agosto de 2014",
}

@misc{MTATC,
	  author  = {Microsoft Patterns & Practices Team},
	  title   = {Microsoft Application Architecture Guide, 2nd Edition},
	  howpublished = "\url{https://msdn.microsoft.com/en-us/library/ee658109.aspx}, consultado el 21 de abril de 2015"
}

@misc{MTATC2,
	  author  = {Ariel Ortiz Ramirez},
	  title   = {Three-tier architecture},
	  howpublished = "\url{http://www.linuxjournal.com/article/3508}, consultado el 21 de abril de 2015"
}

@book{MTATC3,
	  author  = {D. Garlan & M. Shaw},
	  title   = {An Introduction to Software Architecture},
	  year = {1994},
	  publisher = {Carnegie Mellon University}
}

@book{MTSAAS,
	  author  = {J. Governor and D. Hinchcliffe and D. Nickull},
	  title   = {Web 2.0 Architectures},
	  year = {2009},
    isbn = {9780596514433},
    publisher = {O'Reilly Media, Inc},
    edition = {1}
}

@article{MTSAAS2,
	  author  = {Gianpaolo Carraro and Fred Chong},
	  title   = {Software as a {S}ervice ({S}aa{S}): {A}n {E}nterprice {P}erspective},
  	year = {2006},
	  howpublished = "\url{http://msdn.microsoft.com/en-us/library/aa905332.aspx#enterprisertw_ topic1}, consultado el 27 de julio de 2015"
}

@misc{MTSPA,
	author  = {Ian Evans},
	Title = {Single page application (spa) una tendencia creciente},
	howpublished = "\url{http://tecnimedios.com/blog/programacion/jquery/single-page-application-spa-una-tendencia-creciente/}, consultado el 27 de julio de 2015",
}



% MARCO TECNOLOGICO
@misc{MTJAVAEE,
	author  = {Ian Evans},
	Title = {Understanding Java Platform, Enterprise Edition},
	howpublished = "\url{https://docs.oracle.com/javaee/7/firstcup/doc/java-ee.htm#GCRLO}, consultado el 15 de agosto de 2014",
}

@misc{MTJAVAEE7,
	author  = {Eric Jendrock and Ricardo Cervera-Navarro and Ian Evans and Kim Haase and William Markito},
	Title = {Java EE 7 Platform Highlightsl},
	howpublished = "\url{https://docs.oracle.com/javaee/7/tutorial/doc/overview001.htm#GIQVH}, consultado el 15 de agosto de 2014",
}

@misc{MTMAVEN,
	author  = {The Apache Software Foundation},
	Title = {What is Maven?},
	howpublished = "\url{http://maven.apache.org/what-is-maven.html}, consultado el 16 de agosto de 2014",
}

@misc{MTWILDFLY,
	author  = {Red Hat},
	Title = {About Wildfly},
	howpublished = "\url{http://wildfly.org/about/}, consultado el 16 de agosto de 2014",
}

@misc{MTCB0,
	author  = {Couchbase},
	Title = {Couchbase Server Documentation},
	howpublished = "\url{http://docs.couchbase.com/admin/admin/Couchbase-intro.html}, consultado el 17 de agosto de 2014",
}

@misc{MTCB1,
	author  = {Couchbase},
	Title = {Couchbase Server},
	howpublished = "\url{http://www.couchbase.com/nosql-databases/about-couchbase-server#ElasticScalability}, consultado el 17 de agosto de 2014",
}

@misc{MTJSON,
	Title = {Introducing {JSON}},
	howpublished = "\url{http://www.json.org/}, consultado el 17 de agosto de 2014"
}

@misc{MTJAXRS,
	author  = {Eric Jendrock and Ricardo Cervera-Navarro and Ian Evans and Kim Haase and William Markito},
	Title = {Creating a RESTful Root Resource Class},
	howpublished = "\url{https://docs.oracle.com/javaee/7/tutorial/doc/jaxrs002.htm}, consultado el 18 de agosto de 2014"
}

@misc{MTGSON,
	Title = {Google-GSON},
	howpublished = "\url{https://code.google.com/p/google-gson/}, consultado el 17 de agosto de 2014"
}

@misc{MTAPACHE,
	Title = {Apache Tomcat},
	howpublished = "\url{http://apachefoundation.wikispaces.com/Apache+Tomcat}, consultado el 16 de noviembre de 2014"
}

@misc{MTSPRING,
	Title = {Spring Framework},
	howpublished = "\url{http://projects.spring.io/spring-framework/}, consultado el 15 de noviembre de 2014"
}

@misc{MTSPI2,
	author = {Oracle},
	Title = {Creating Extensible Applications},
	howpublished = "\url{https://docs.oracle.com/javase/tutorial/ext/basics/spi.html}, consultado el 25 de agosto de 2014"
}

@misc{MTMVC1,
	  author  = {Nicolás Tedeschi},
	  title   = {¿{Q}ué es un {P}atrón de {D}iseño},
	  howpublished = "\url{http://msdn.microsoft.com/es-es/library/bb972240.aspx}, consultado el 27 de julio de 2015"
}

@book{MTMVC2,
	author  = {Jon Galloway; Phil Haack; Brad Wilson; K. Scott Allen},
	title   = {Professional {ASP.NET MVC} 3},
	year = {2011},
	publisher = {Apress}
}

@misc{MTIB,
	  title   = {E-banking},
	  howpublished = "\url{http://www.clientebancario.gov.ar/default.asp}, consultado el 12 de agosto de 2014"
}

%MARCO METODOLOGICO

@misc{MMSynergy,
	Title = {Metodología de {P}oyectos {S}ynergy-{GB} [{E}nfoque en {S}eguimiento]},
	howpublished = "consultado el 27 de Julio de 2015"
}

@misc{MMSCRM,
	author = {Ken Schwaber, Jeff Sutherland},
	Title = {The {S}crum {G}uide},
	year = {2013},
	howpublished = "\url{https://www.scrum.org/scrum-guide}, consultado el 27 de Julio de 2015"
}